% Encoding: UTF-8

@Article{Patel2015,
  author    = {Jigar Patel et al},
  title     = {Predicting stock and stock price index movement using Trend Deterministic Data Preparation and machine learning techniques},
  journal   = {Expert Systems with Applications},
  year      = {2015},
  volume    = {42},
  number    = {1},
  pages     = {259--268},
  month     = {jan},
  doi       = {10.1016/j.eswa.2014.07.040},
  publisher = {Elsevier {BV}},
}

@Book{LibroSinha,
  title     = {Econophysics},
  publisher = {Wiley VCH Verlag GmbH},
  year      = {2010},
  author    = {Sinha, Sitabhra and Chatterjee, Arnab and Chakraborti, Anirban and Chakrabarti, Bikas K.},
  isbn      = {3527408150},
  date      = {2010-10-11},
  ean       = {9783527408153},
}

@Article{Cont2001,
  author    = {R. Cont},
  title     = {Empirical properties of asset returns: stylized facts and statistical issues},
  journal   = {Quantitative Finance},
  year      = {2001},
  volume    = {1},
  number    = {2},
  pages     = {223--236},
  month     = {feb},
  doi       = {10.1080/713665670},
  publisher = {Informa {UK} Limited},
}

@Article{JacobsonReport,
  author = {Jacobsson, Emilie},
  title  = {How to predict crashes in financial markets with the Log-Periodic Power Law},
  year   = {2009},
  month  = {01},
}

@Misc{cornell,
  author = {Cornell University},
  title  = {Cornell's Quantitative Finance Organization},
  url    = {http://orgsync.rso.cornell.edu/org/qfo/home},
}

@Misc{essex3,
  author = {University of Essex},
  title  = {Centre for Computational Finance and Economic Agents},
  url    = {https://www1.essex.ac.uk/ccfea/default.aspx},
}

@Misc{essex1,
  author = {University of Essex},
  title  = {Essex Centre for Macro and Financial Econometrics},
  url    = {https://www1.essex.ac.uk/ebs/research/econometrics/default.aspx},
}

@Article{Mng2016,
  author    = {Jacinta Chan Phooi M'ng and Mohammadali Mehralizadeh},
  title     = {Forecasting East Asian Indices Futures via a Novel Hybrid of Wavelet-{PCA} Denoising and Artificial Neural Network Models},
  journal   = {{PLOS} {ONE}},
  year      = {2016},
  volume    = {11},
  number    = {6},
  pages     = {e0156338},
  month     = {jun},
  doi       = {10.1371/journal.pone.0156338},
  editor    = {Zhong-Ke Gao},
  publisher = {Public Library of Science ({PLoS})},
}

@Book{Lo2017,
  title     = {Adaptive Markets},
  publisher = {Princeton Univers. Press},
  year      = {2017},
  author    = {Lo, Andrew W.},
  isbn      = {0691135142},
  date      = {2017-06-08},
  ean       = {9780691135144},
  pagetotal = {483},
}

@Article{JacintaChan,
  author    = {J. Chan Phooi M'ng and and Azmin Azliza Aziz and Kamisah Ismail and},
  title     = {Returns from neural network enhanced technical analysis indicator: A study on crude oil futures},
  journal   = {International Journal of {ADVANCED} {AND} {APPLIED} {SCIENCES}},
  year      = {2017},
  volume    = {4},
  number    = {4},
  pages     = {7--13},
  month     = {apr},
  doi       = {10.21833/ijaas.2017.04.002},
  publisher = {International Journal of Advanced and Applied Sciences},
}

@MISC{Lo2004,
    author = {Andrew W. Lo},
    title = {      The Adaptive Markets Hypothesis: Market Efficiency from an Evolutionary Perspective},
    year = {2004}
}

@article{Lo2005,
author = {Lo, Andrew},
year = {2005},
month = {01},
pages = {},
title = {Reconciling Efficient Markets with Behavioral Finance: The Adaptive Markets Hypothesis},
volume = {7},
booktitle = {Journal of Investment Consulting}
}

@Article{Samuelson,
  author  = {Paul A Samuelson},
  title   = {Proof that properly anticipated prices fluctuate randomly},
  journal = {IMR; Industrial Management Review (pre-1986)},
  year    = {1965},
  volume  = {6},
  number  = {2},
  pages   = {41},
  month   = apr,
}

@Article{Fama1995,
  author    = {Eugene F. Fama},
  title     = {Random Walks in Stock Market Prices},
  journal   = {Financial Analysts Journal},
  year      = {1995},
  volume    = {51},
  number    = {1},
  pages     = {75--80},
  month     = {jan},
  doi       = {10.2469/faj.v51.n1.1861},
  publisher = {{CFA} Institute},
}

@Book{WangZu2005,
  title     = {Data Mining with Computational Intelligence},
  publisher = {Springer-Verlag},
  year      = {2005},
  doi       = {10.1007/3-540-28803-1},
}

@InCollection{Wang2013,
  author    = {Lipo Wang and Shekhar Gupta},
  title     = {Neural Networks and Wavelet De-Noising for Stock Trading and Prediction},
  booktitle = {Time Series Analysis, Modeling and Applications},
  publisher = {Springer Berlin Heidelberg},
  year      = {2013},
  pages     = {229--247},
}

@Article{Chen2004,
  author    = {An-Sing Chen and Mark T. Leung},
  title     = {Regression neural network for error correction in foreign exchange forecasting and trading},
  journal   = {Computers {\&} Operations Research},
  year      = {2004},
  volume    = {31},
  number    = {7},
  pages     = {1049--1068},
  month     = {jun},
  doi       = {10.1016/s0305-0548(03)00064-9},
  publisher = {Elsevier {BV}},
}

@Article{Hsieh2011,
  author    = {Tsung-Jung Hsieh and Hsiao-Fen Hsiao and Wei-Chang Yeh},
  title     = {Forecasting stock markets using wavelet transforms and recurrent neural networks: An integrated system based on artificial bee colony algorithm},
  journal   = {Applied Soft Computing},
  year      = {2011},
  volume    = {11},
  number    = {2},
  pages     = {2510--2525},
  month     = {mar},
  doi       = {10.1016/j.asoc.2010.09.007},
  publisher = {Elsevier {BV}},
}

@Article{Zhang2009,
  author    = {Yudong Zhang and Lenan Wu},
  title     = {Stock market prediction of S{\&}P 500 via combination of improved {BCO} approach and {BP} neural network},
  journal   = {Expert Systems with Applications},
  year      = {2009},
  volume    = {36},
  number    = {5},
  pages     = {8849--8854},
  month     = {jul},
  doi       = {10.1016/j.eswa.2008.11.028},
  publisher = {Elsevier {BV}},
}

@Misc{GraficaBloomberg,
  author = {Nishant Kumar},
  title  = {How AI Will Invade Every Corner of Wall Street},
  year   = {2017},
  url    = {https://www.bloomberg.com/news/features/2017-12-05/how-ai-will-invade-every-corner-of-wall-street},
}

@Article{Black1973,
  author    = {Fischer Black and Myron Scholes},
  title     = {The Pricing of Options and Corporate Liabilities},
  journal   = {Journal of Political Economy},
  year      = {1973},
  volume    = {81},
  number    = {3},
  pages     = {637--654},
  month     = {may},
  doi       = {10.1086/260062},
  publisher = {University of Chicago Press},
}

@Article{CrashesAsCritical,
  author    = {Johansen, Anders and Ledoit, Olivier and Sornette, Didier},
  title     = {Crashes as critical points},
  journal   = {International Journal of Theoretical and Applied Finance},
  year      = {2000},
  volume    = {3},
  number    = {02},
  pages     = {219--255},
  publisher = {World Scientific},
}

@Article{Markowitz1952,
  author    = {Harry Markowitz},
  title     = {Portfolio Selection},
  journal   = {The Journal of Finance},
  year      = {1952},
  volume    = {7},
  number    = {1},
  pages     = {77},
  month     = {mar},
  doi       = {10.2307/2975974},
  publisher = {{JSTOR}},
}

@Misc{quantopian,
  title = {Quantopian},
  url   = {https://www.quantopian.com/},
}

@Article{Jensen2007,
  author    = {R. Jensen},
  title     = {The Digital Provide: Information (Technology), Market Performance, and Welfare in the South Indian Fisheries Sector},
  journal   = {The Quarterly Journal of Economics},
  year      = {2007},
  volume    = {122},
  number    = {3},
  month     = {aug},
  pages     = {879--924},
  doi       = {10.1162/qjec.122.3.879},
  publisher = {Oxford University Press ({OUP})},
}

@Misc{essex2,
  author = {Michael Carney},
  title  = {Finance novice beats hedge fund pros, winning 100k in Quantopian trading contest},
  url    = {https://pando.com/2015/03/05/finance-novice-beats-hedge-fund-pros-wins-100k-in-inqugural-quantopian-trading-contest/},
}

@Comment{jabref-meta: databaseType:biblatex;}
