@incollection{Kaldor,
  title={Capital accumulation and economic growth},
  author={Kaldor, Nicholas},
  booktitle={The theory of capital},
  pages={177--222},
  year={1961},
  publisher={Palgrave Macmillan, London},
  doi = {10.1007/978-1-349-08452-4_10},
  editors ={Hague, D.C.},
  series = {International Economic Association}
}

@article{Cont,
    author = {Rama Cont},
    title = {Empirical properties of asset returns: stylized facts and statistical issues},
    journal = {Quantitative Finance},
    year = {2001},
    volume = {1},
    pages = {223--236},
    doi = {10.1080/713665670}
}

@article{Beedles,
 issn = {00221090, 17566916},
 doi = {10.2307/2330196},
 author = {William L. Beedles},
 journal = {The Journal of Financial and Quantitative Analysis},
 number = {3},
 pages = {653-660},
 publisher = {Cambridge University Press},
 title = {On the Asymmetry of Market Returns},
 volume = {14},
 year = {1979}
}

@article{Fogler, 
 title={A Note on Measurement of Skewness}, 
 volume={9}, 
 DOI={10.2307/2329875}, 
 number={3}, 
 journal={Journal of Financial and Quantitative Analysis}, 
 publisher={Cambridge University Press}, 
 author={Fogler, H. Russell and Radcliffe, Robert C.}, 
 year={1974}, 
 pages={485–489}
}

@book{Bouchaud,
  title={Theory of Financial Risk and Derivative Pricing: From Statistical Physics to Risk Management},
  author={{J.P. Bouchaud} and Potters, M.},
  isbn={9780521741866},
  lccn={2003044037},
  url={https://books.google.com.mx/books?id=4IBjPwAACAAJ},
  year={2009},
  edition={2},
  publisher={Cambridge University Press}
}

@article{Jensen2,
title = "Frustration driven stock market dynamics: Leverage effect and asymmetry",
abstract = "Stochastic processes; Inverse statistics; Gain-loss asymmetry; Leverage Udgivelsesdato: May 1",
author = "{P. T. Heden Ahlgren} and {M. H. Jensen} and Ingve Simonsen and Raul Donangelo and Kim Sneppen",
year = "2007",
doi = "10.1016/j.physa.2007.04.081",
volume = "383",
pages = "1--4",
journal = "Physica A: Statistical Mechanics and its Applications",
issn = "0378-4371",
publisher = "Elsevier BV * North-Holland",
number = "1",
}

@article{Dutta,
  title={Modelling volatility: Symmetric or asymmetric GARCH models?},
  author={Dutta, Anupam},
  journal={Journal of Statistics: Advances in Theory and Applications},
  volume={12},
  number={2},
  pages={99--108},
  year={2014}, 
  publisher = {Scientific Advances Publishers},
  url = {https://pdfs.semanticscholar.org/5c18/f7ade84ed77319381a45db4f74bde243eec8.pdf?_ga=2.35273953.1115894547.1542995825-2123431015.1542995825}
}

@article{deAlmeida,
   title = {{ The leverage effect and the asymmetry of the error distribution in GARCH based models: The case of Brazilian market related series}},
   journal = {{Pesquisa Operacional}},
   author={Almeida, Daniel de AND Hotta, Luiz K.},
   ISSN = {0101-7438},
   language = {en},
   volume = {34},
   year = {2014},
   month = {08},
   pages = {237 - 250},
   publisher = {scielo},
   doi = {10.1590/0101-7438.2014.034.02.0237},
   }

@article{Lillo,
	author = {{Lillo, F.} and {Mantegna, R. N.}},
	title = {Symmetry alteration of ensemble return distribution in crash and rally days of financial markets},
	DOI= "10.1007/s100510051162",
	journal = {Eur. Phys. J. B},
	year = 2000,
	volume = 15,
	number = 4,
	pages = "603-606",
	month = ""
}

@article{Jiang,
title = "Time-reversal asymmetry in financial systems",
journal = "Physica A: Statistical Mechanics and its Applications",
volume = "392",
number = "21",
pages = "5369 - 5375",
year = "2013",
issn = "0378-4371",
doi = "10.1016/j.physa.2013.07.006",
author = "X.F. Jiang and T.T. Chen and B. Zheng"
}

@article{Jensen,
  title={Inverse statistics in economics: the gain--loss asymmetry},
  author={Jensen, Mogens H and Johansen, Anders and Simonsen, Ingve},
  journal={Physica A: Statistical Mechanics and its Applications},
  volume={324},
  number={1},
  pages={338--343},
  year={2003},
  publisher={Elsevier},
  doi ={10.1016/S0378-4371(02)01884-8}
}

@article{Karpio,
title = "Gain–loss asymmetry for emerging stock markets ",
journal = "Physica A: Statistical Mechanics and its Applications ",
volume = "375",
number = "2",
pages = "599 - 604",
year = "2007",
note = "",
issn = "0378-4371",
doi = "10.1016/j.physa.2006.10.003",
author = "Krzysztof Karpio and Magdalena A. Załuska-Kotur and Arkadiusz Orłowski"
}

@article{Jun,
title = "Asset returns and volatility clustering in financial time series",
journal = "Physica A: Statistical Mechanics and its Applications",
volume = "390",
number = "7",
pages = "1300 - 1314",
year = "2011",
issn = "0378-4371",
doi = "10.1016/j.physa.2010.12.002",
author = "Jie-Jun Tseng and Sai-Ping Li",
keywords = "Econophysics, Volatility clustering, Heavy-tailed distribution, Financial stylized facts"
}

@article{Savona,
    author = {Savona, Roberto AND Soumare, Maxence AND Andersen, Jørgen Vitting},
    journal = {PLOS ONE},
    publisher = {Public Library of Science},
    title = {Financial Symmetry and Moods in the Market},
    year = {2015},
    month = {04},
    volume = {10},
    pages = {1-21},
    number = {4},
    doi = {10.1371/journal.pone.0118224}
}

@article{Duarte,
    author = {Graczyk, Michelle B. AND Duarte Queir\'os, Silvio M.},
    journal = {PLOS ONE},
    publisher = {Public Library of Science},
    title = {Intraday Seasonalities and Nonstationarity of Trading Volume in Financial Markets: Individual and Cross-Sectional Features},
    year = {2016},
    month = {11},
    volume = {11},
    pages = {1-25},
    number = {11},
    doi = {10.1371/journal.pone.0165057}
}

@article{Zoltan,
  title = {Time-scale effects on the gain-loss asymmetry in stock indices},
  author = {S\'andor, Bulcs\'u and Simonsen, Ingve and Nagy, B\'alint Zsolt and N\'eda, Zolt\'an},
  journal = {Phys. Rev. E},
  volume = {94},
  issue = {2},
  pages = {022311},
  numpages = {9},
  year = {2016},
  month = {Aug},
  publisher = {American Physical Society},
  doi = {10.1103/PhysRevE.94.022311}
}

@article{Grech,
    author = {Bil, Lukasz AND Grech, Dariusz AND Zienowicz, Magdalena},
    journal = {PLOS ONE},
    publisher = {Public Library of Science},
    title = {Asymmetry of price return--Analysis and perspectives from a non-extensive statistical physics point of view},
    year = {2017},
    month = {11},
    volume = {12},
    pages = {1-24},
    number = {11},
    doi = {10.1371/journal.pone.0188541}
}

@article{Coronel-Montoya,
title = "Assessing symmetry of financial returns series",
journal = "Physica A: Statistical Mechanics and its Applications",
volume = "383",
number = "1",
pages = "5 - 9",
year = "2007",
note = "Econophysics Colloquium 2006 and Third Bonzenfreies Colloquium",
issn = "0378-4371",
doi = "10.1016/j.physa.2007.04.122",
author = "Coronel-Brizio, Hector Francisco AND Hern\'andez-Montoya, Alejandro Raul AND Huerta-Quintanilla, Rodrigo AND Rodr\'{i}guez-Achach, Manuel Enrique"
}

@article{Vitalies,
  title = {Temporal structure and gain-loss asymmetry for real and artificial stock indices},
  author = {Siven, Johannes Vitalis and Lins, Jeffrey Todd},
  journal = {Phys. Rev. E},
  volume = {80},
  issue = {5},
  pages = {057102},
  numpages = {4},
  year = {2009},
  month = {Nov},
  publisher = {American Physical Society},
  doi = {10.1103/PhysRevE.80.057102}
}

@article{Takayasu,
    author = {Yamashita Rios de Sousa, Arthur Matsuo AND Takayasu, Hideki AND Takayasu, Misako},
    journal = {PLOS ONE},
    publisher = {Public Library of Science},
    title = {Detection of statistical asymmetries in non-stationary sign time series: Analysis of foreign exchange data},
    year = {2017},
    month = {05},
    volume = {12},
    pages = {1-18},
    number = {5},
    doi = {10.1371/journal.pone.0177652}
}

@article{peiro,
author = {Amado Peir\'o},
title = {Asymmetries and tails in stock index returns: are their distributions really asymmetric?},
journal = {Quantitative Finance},
volume = {4},
number = {1},
pages = {37-44},
year  = {2004},
publisher = {Routledge},
doi = {10.1088/1469-7688/4/1/003}
}

@article{peiro2,
title = "Skewness in financial returns",
journal = "Journal of Banking \& Finance",
volume = "23",
number = "6",
pages = "847 - 862",
year = "1999",
issn = "0378-4266",
doi = "10.1016/S0378-4266(98)00119-8",
author = "Amado Peir\'o"
}

@article{Olivares,
  title={Analysis of short term price trends in daily stock-market index data},
  author={Coronel-Brizio, HF and Hern\'andez-Montoya, AR and Olivares-S{\'a}nchez, HR and Scalas, Enrico},
  journal={arXiv preprint arXiv:1211.3060},
  year={2012},
  url ={https://arxiv.org/abs/1211.3060}
}

@article{Einmahl,
author = "Einmahl, John H.J. and Mckeague, Ian W.",
doi = "10.3150/bj/1068128978",
fjournal = "Bernoulli",
journal = "Bernoulli",
month = "04",
number = "2",
pages = "267--290",
publisher = "Bernoulli Society for Mathematical Statistics and Probability",
title = "Empirical likelihood based hypothesis testing",
volume = "9",
year = "2003"
}

@article{Imhof,
author = {Imhof, J. P.},
title = {Computing the distribution of quadratic forms in normal variables},
journal = {Biometrika},
volume = {48},
number = {3-4},
pages = {419-426},
year = {1961},
doi = {10.1093/biomet/48.3-4.419}
}

@techreport{Einmahl2,
title = {Empirical Likelihood based on Hypothesis Testing},
author = {J.H.J. Einmahl and I.W. McKeague},
note = {Pagination: 25},
year = {2002},
volume = {2002-92},
series = {CentER Discussion Paper},
publisher = {Econometrics},
type = {WorkingPaper},
institution = {Econometrics},
issn = {0924-7815},
url = {https://pure.uvt.nl/ws/portalfiles/portal/543315/92.pdf}
}

@book{Wilks,
  title={Mathematical Statistics},
  author={Wilks, S.S.},
  lccn={a43001635},
  series={Mathematical Statistics},
  url={https://books.google.com.mx/books?id=k38pAQAAMAAJ},
  year={1943},
  publisher={Princeton University Press}
}

@phdthesis{Karsten,
  title={The generalized hyperbolic model: Estimation, financial derivatives, and risk measures},
  author={Prause, Karsten},
  year={1999},
  school={PhD thesis, University of Freiburg}
}

@phdthesis{Coronel_tesis,
  title={Regression tests of fit and some comparisons},
  author={Coronel Brizio, Hector Francisco},
  year={1994},
  school={Theses (Dept. of Mathematics and Statistics)/Simon Fraser University}
}

@article{Coronel,
title = "On fitting the Pareto-Levy distribution to stock market index data: Selecting a suitable cutoff value",
journal = "Physica A: Statistical Mechanics and its Applications",
volume = "354",
number = "Supplement C",
pages = "437 - 449",
year = "2005",
issn = "0378-4371",
doi = "10.1016/j.physa.2005.03.001",
author = "Coronel-Brizio, Hector Francisco AND Hern\'andez-Montoya, Alejandro Raul",
keywords = "Econophysics, Power-law, Returns distribution, Goodnes-of-fit, Empirical distribution function"
}

@article{Zhang,
title = "Investors’ risk attitudes and stock price fluctuation asymmetry",
journal = "Physica A: Statistical Mechanics and its Applications",
volume = "390",
number = "9",
pages = "1655 - 1661",
year = "2011",
issn = "0378-4371",
doi = "10.1016/j.physa.2011.01.002",
author = "Yu Zhang and Honggang Li"
}

@incollection{refe,
title = "\{Chapter\} 1 - Operator Methods for Continuous-Time Markov Processes ",
editor = "Ait-Sahalia, Yacine  and Hansen, Lars Peter",
booktitle = "Handbook of Financial Econometrics: Tools and Techniques ",
publisher = "North-Holland",
edition = "",
address = "San Diego",
year = "2010",
volume = "1",
pages = "1 - 66",
series = "Handbooks in Finance",
issn = "15684997",
doi = "10.1016/B978-0-444-50897-3.50004-3",
author = "Yacine Aït-Sahalia and Lars Peter Hansen and José A. Scheinkman"
}

@book{Durbin,
author = {Durbin, J.},
title = {Distribution Theory for Tests Based on the Sample Distribution Function},
publisher = {Society for Industrial and Applied Mathematics},
year = {1973},
doi = {10.1137/1.9781611970586},
address = {},
edition   = {},
pages = {64},
ISBN = {978-0-89871-007-6},
eISBN = {978-1-61197-058-6},
series = {CBMS-NSF Regional Conference Series in Applied Mathematics}
}

@misc{code,
  author = {Rodr\'{i}guez-Mart\'{i}nez, Carlos Manuel and  Coronel-Brizio, Hector Francisco},
  title = {Tn Symmetry Statistic [Computer program]},
  year  = {2016},
  url   = {http://github.com/CarlosManuelRodr/TnSymmetryStatistic}
}
